<record xmlns="http://www.loc.gov/MARC21/slim" xmlns:xsi="http://www.w3.org/2001/XMLSchema-instance" xsi:schemaLocation="http://www.loc.gov/MARC21/slim http://www.loc.gov/standards/marcxml/schema/MARC21slim.xsd"><leader>01617nam a2200313   4500</leader><controlfield tag="001">001699463</controlfield><controlfield tag="003">NNU</controlfield><controlfield tag="006">m        d        </controlfield><controlfield tag="007">cr cn |||m|||a</controlfield><controlfield tag="008">140707s1931    ua      o     001 0 arard</controlfield><datafield ind1=" " ind2=" " tag="040"><subfield code="a">NNU</subfield><subfield code="b">eng</subfield><subfield code="c">NNU</subfield></datafield><datafield ind1=" " ind2=" " tag="066"><subfield code="c">(3</subfield></datafield><datafield ind1=" " ind2=" " tag="090"><subfield code="a">PJ6161</subfield><subfield code="b">.J34</subfield></datafield><datafield ind1="1" ind2=" " tag="100"><subfield code="6">880-01</subfield><subfield code="a">Jaw&#257;l&#299;q&#299;, Mawh&#363;b ibn A&#7717;mad,</subfield><subfield code="d">1073 or 4-1144</subfield></datafield><datafield ind1="1" ind2="0" tag="245"><subfield code="6">880-02</subfield><subfield code="a">Shar&#7717; adab al-k&#257;tib</subfield><subfield code="h">[electronic resource] /</subfield><subfield code="c">li-Ab&#299; Man&#7779;&#363;r Mawh&#363;b ibn A&#7717;mad al-Jaw&#257;l&#299;q&#299; ; taqdim jal&#299;lah bi-qalam Mu&#7779;taf&#225; &#7778;&#257;diq al-R&#257;fi&#699;&#299;.</subfield></datafield><datafield ind1=" " ind2=" " tag="260"><subfield code="6">880-03</subfield><subfield code="a">al-Q&#257;hirah :</subfield><subfield code="b">Maktabat al-Quds&#299;,</subfield><subfield code="c">1350 [1931]</subfield></datafield><datafield ind1=" " ind2=" " tag="300"><subfield code="a">online resource (432 p.)</subfield></datafield><datafield ind1=" " ind2=" " tag="500"><subfield code="a">Part of the Arabic Collections Online (ACO) project, contributed by New York Univeristy Libraries.</subfield></datafield><datafield ind1=" " ind2=" " tag="533"><subfield code="a">Electronic reproduction.</subfield><subfield code="b">New York, N.Y. :</subfield><subfield code="c">New York University,</subfield><subfield code="d">2014.</subfield><subfield code="5">NNU</subfield></datafield><datafield ind1="1" ind2="0" tag="600"><subfield code="a">Ibn Qutaybah, &#699;Abd All&#257;h ibn Muslim,</subfield><subfield code="d">828-889?</subfield><subfield code="t">Adab al-k&#257;tib.</subfield></datafield><datafield ind1=" " ind2="0" tag="650"><subfield code="a">Arabic language</subfield><subfield code="x">Style.</subfield></datafield><datafield ind1="2" ind2=" " tag="710"><subfield code="a">New York University.</subfield><subfield code="b">Libraries.</subfield></datafield><datafield ind1="0" ind2=" " tag="730"><subfield code="a">Arabic Collections Online.</subfield></datafield><datafield ind1="0" ind2="8" tag="776"><subfield code="i">Print version:</subfield><subfield code="a">Jaw&#257;l&#299;q&#299;, Mawh&#363;b ibn A&#7717;mad, 1073 or 4-1144 880-01</subfield><subfield code="t">Shar&#7717; adab al-k&#257;tib</subfield><subfield code="w">(NNU)001699463</subfield></datafield><datafield ind1="4" ind2="0" tag="856"><subfield code="u">http://hdl.handle.net/2333.1/bnzs7jxr</subfield></datafield><datafield ind1="1" ind2=" " tag="880"><subfield code="6">100-01/</subfield><subfield code="a">&#1580;&#1608;&#1575;&#1604;&#1610;&#1602;&#1609;&#1548; &#1605;&#1608;&#1607;&#1608;&#1576; &#1575;&#1576;&#1606; &#1575;&#1581;&#1605;&#1583;.</subfield></datafield><datafield ind1="1" ind2="0" tag="880"><subfield code="6">245-02/</subfield><subfield code="a">&#1588;&#1585;&#1581; &#1575;&#1583;&#1576; &#1575;&#1604;&#1603;&#1575;&#1578;&#1576; /</subfield><subfield code="c">&#1604;&#1575;&#1576;&#1609; &#1605;&#1606;&#1589;&#1608;&#1585; &#1605;&#1608;&#1607;&#1608;&#1576; &#1576;&#1606; &#1575;&#1581;&#1605;&#1583; &#1575;&#1604;&#1580;&#1608;&#1575;&#1604;&#1610;&#1602;&#1609; ; &#1578;&#1602;&#1583;&#1610;&#1605; &#1605;&#1589;&#1591;&#1601;&#1609; &#1589;&#1575;&#1583;&#1602; &#1575;&#1604;&#1585;&#1575;&#1601;&#1593;&#1609;.</subfield></datafield><datafield ind1=" " ind2=" " tag="880"><subfield code="6">260-03/</subfield><subfield code="a">&#1575;&#1604;&#1602;&#1575;&#1607;&#1585;&#1607; :</subfield><subfield code="b">&#1605;&#1603;&#1578;&#1576;&#1577; &#1575;&#1604;&#1602;&#1583;&#1587;&#1609;&#1548;</subfield><subfield code="c">&#1633;&#1641;&#1637;&#1632; [&#1633;&#1641;&#1635;&#1633;]</subfield></datafield><datafield ind1=" " ind2=" " tag="959"><subfield code="a">NNU</subfield><subfield code="b">WEB</subfield><subfield code="c">GENI</subfield><subfield code="t">0</subfield><subfield code="m">Electronic access</subfield><subfield code="s">01</subfield></datafield></record>